<?xml version="1.0" encoding="UTF-8"?><collection xmlns="http://www.loc.gov/MARC21/slim"><record><leader>00715nam--2200205-i-4500</leader><controlfield tag="001">000023352</controlfield><controlfield tag="002">20161230</controlfield><controlfield tag="005">20161230201035</controlfield><controlfield tag="008">060222s1000------------r-----000-0-rum-d</controlfield><datafield ind1=" " ind2=" " tag="040"><subfield code="a">IFIN-HH</subfield></datafield><datafield ind1=" " ind2=" " tag="041"><subfield code="a">rum</subfield></datafield><datafield ind1=" " ind2=" " tag="080"><subfield code="a">621.311.33(075.8:076):621.315.59(075.8:076)</subfield></datafield><datafield ind1="1" ind2=" " tag="100"><subfield code="a">Grove, A.S</subfield></datafield><datafield ind1="1" ind2="0" tag="245"><subfield code="a">Fizica si tehnologia dispozitivelor semiconductoare</subfield><subfield code="b">Traducere din literatura americana</subfield><subfield code="c">A.s. grove</subfield></datafield><datafield ind1=" " ind2=" " tag="260"><subfield code="a">Bucuresti</subfield><subfield code="b">Editura Tehnica</subfield><subfield code="c">1973</subfield></datafield><datafield ind1=" " ind2=" " tag="300"><subfield code="a">501P</subfield></datafield><datafield ind1=" " ind2=" " tag="490"><subfield code="a">Biblioteca De Automatica, Informatica, Electronica, Management</subfield></datafield><datafield ind1=" " ind2=" " tag="500"><subfield code="a">Titlul Otiginal In Limba Engleza: Physics And Technology Of Semiconductor Devices</subfield></datafield><datafield ind1=" " ind2=" " tag="852"><subfield code="a">40230</subfield><subfield code="c">537.311.33</subfield></datafield><datafield ind1=" " ind2=" " tag="CAT"><subfield code="a">Sys</subfield><subfield code="c">20110721</subfield><subfield code="h">161039</subfield></datafield></record></collection>